<record><leader>00000cas a22000007a 4500</leader><controlfield tag="001">14220124</controlfield><controlfield tag="008">860915d186818uutxuwr ne      0    0eng d</controlfield><datafield ind1=" " ind2=" " tag="010"><subfield code="a">sn 86089297 </subfield></datafield><datafield ind1=" " ind2=" " tag="040"><subfield code="a">PPM</subfield><subfield code="b">eng</subfield><subfield code="c">PPM</subfield><subfield code="d">OCLCQ</subfield></datafield><datafield ind1=" " ind2=" " tag="042"><subfield code="a">msc</subfield></datafield><datafield ind1="0" ind2="4" tag="245"><subfield code="a">The Weekly Harrison flag.</subfield></datafield><datafield ind1="1" ind2="3" tag="246"><subfield code="a">Harrison flag</subfield></datafield><datafield ind1=" " ind2=" " tag="260"><subfield code="a">Marshall, Tex. :</subfield><subfield code="b">W.G. Barrett,</subfield><subfield code="c">1868-</subfield></datafield><datafield ind1=" " ind2=" " tag="300"><subfield code="a">v. :</subfield><subfield code="b">ill. ;</subfield><subfield code="c">69 cm.</subfield></datafield><datafield ind1=" " ind2=" " tag="310"><subfield code="a">Weekly</subfield></datafield><datafield ind1="0" ind2=" " tag="362"><subfield code="a">Vol. 8, no. 22 (Apr. 10, 1868)-</subfield></datafield><datafield ind1=" " ind2=" " tag="752"><subfield code="a">United States</subfield><subfield code="b">Texas</subfield><subfield code="c">Harrison</subfield><subfield code="d">Marshall.</subfield></datafield><datafield ind1="0" ind2="0" tag="780"><subfield code="t">Harrison flag (Marshall, Tex.)</subfield><subfield code="w">(OCoLC)14220079</subfield></datafield></record>